@online{WHATIS,
  title = {MySQL Documentation, What is MySQL?},
  url = {https://dev.mysql.com/doc/refman/8.0/en/what-is-mysql.html},
  note = {Accessed: 2020-04-28}
}

@online{EDITIONS,
  title = {MySQL Documentation, MySQL Editions},
  url = {https://www.mysql.com/products/},
  note = {Accessed: 2020-04-28}
}

@online{ENGINES,
  title = {MySQL Documentation, Alternative Storage Engines},
  url = {https://dev.mysql.com/doc/refman/8.0/en/storage-engines.html},
  note = {Accessed: 2020-05-13}
}

@online{GUIDE_ENGINES,
  title = {A Busy Developer’s Guide to Database Storage Engines — The Basics},
  url = {https://blog.yugabyte.com/a-busy-developers-guide-to-database-storage-engines-the-basics/},
  note = {Accessed: 2020-05-13}
}

@online{SET_ENGINE,
  title = {MySQL Documentation, Setting the Storage Engine},
  url = {https://dev.mysql.com/doc/refman/8.0/en/storage-engine-setting.html},
  note = {Accessed: 2020-05-13}
}

@online{SystemTableSpace,
      title = {MySQL Documentation, The System Tablespace},
      url = {https://dev.mysql.com/doc/refman/8.0/en/innodb-system-tablespace.html},
      note = {Accessed: 2020-05-13}
}

@online{DoubleWriteBuffer,
      title = {MySQL Documentation, Doublewrite Buffer},
      url = {https://dev.mysql.com/doc/refman/8.0/en/innodb-doublewrite-buffer.html},
      note = {Accessed: 2020-05-13}
}


@online{CreatingTablesInnoDB,
      title = {MySQL Documentation, Different Tablespaces choices while creating tables},
      url = {https://dev.mysql.com/doc/refman/8.0/en/using-innodb-tables.html},
      note = {Accessed: 2020-05-13}
}

@online{FileSpaceManagement,
      title = {MySQL Documentation, File Space Management},
      url = {https://dev.mysql.com/doc/refman/8.0/en/innodb-file-space.html},
      note = {Accessed: 2020-05-13}
}

@online{FileperTable,
      title = {MySQL Documentation, File per Table Tablespaces},
      url = {https://dev.mysql.com/doc/refman/8.0/en/innodb-file-per-table-tablespaces.html},
      note = {Accessed: 2020-05-13}
}

@online{BUFFER_POOL,
      title = {MySQL Documentation, Buffer Pool},
      url = {https://dev.mysql.com/doc/refman/8.0/en/innodb-buffer-pool.html},
      note = {Accessed: 2020-05-13}
}


@online{PARTITIONING,
      title = {MySQL Documentation, Partitioning},
      url = {https://dev.mysql.com/doc/refman/8.0/en/partitioning.html},
      note = {Accessed: 2020-05-13}
}

@online{PARTITIONING_OVERVIEW,
      title = {MySQL Documentation, Overview of Partitioning in MySQL},
      url = {https://dev.mysql.com/doc/refman/8.0/en/partitioning-overview.html},
      note = {Accessed: 2020-05-13}
}

@online{PARTITIONING_TYPES,
      title = {MySQL Documentation, Partitioning Types},
      url = {https://dev.mysql.com/doc/refman/8.0/en/partitioning-types.html},
      note = {Accessed: 2020-05-13}
}

@online{PARTITIONING_RANGE,
      title = {MySQL Documentation, RANGE Partitioning},
      url = {https://dev.mysql.com/doc/refman/8.0/en/partitioning-range.html},
      note = {Accessed: 2020-05-13}
}

@online{PARTITIONING_LIST,
      title = {MySQL Documentation, LIST Partitioning},
      url = {https://dev.mysql.com/doc/refman/8.0/en/partitioning-list.html},
      note = {Accessed: 2020-05-13}
}

@online{PARTITIONING_COLUMNS,
      title = {MySQL Documentation, COLUMNS Partitioning},
      url = {https://dev.mysql.com/doc/refman/8.0/en/partitioning-columns.html},
      note = {Accessed: 2020-05-13}
}

@online{PARTITIONING_HASH,
      title = {MySQL Documentation, HASH Partitioning},
      url = {https://dev.mysql.com/doc/refman/8.0/en/partitioning-hash.html},
      note = {Accessed: 2020-05-13}
}

@online{PARTITIONING_KEY,
      title = {MySQL Documentation, KEY Partitioning},
      url = {https://dev.mysql.com/doc/refman/8.0/en/partitioning-key.html},
      note = {Accessed: 2020-05-13}
}

@online{SUBPARTITIONING,
      title = {MySQL Documentation, Subpartitioning},
      url = {https://dev.mysql.com/doc/refman/8.0/en/partitioning-subpartitions.html},
      note = {Accessed: 2020-05-13}
}


@online{GeneralTableSpaces,
      title = {MySQL Documentation, General Table spaces},
      url = {https://dev.mysql.com/doc/refman/8.0/en/general-tablespaces.html},
      note = {Accessed: 2020-05-13}
}

@online{ChangeBuffer,
      title = {MySQL Documentation, Change buffer},
      url = {https://dev.mysql.com/doc/refman/8.0/en/innodb-change-buffer.html},
      note = {Accessed: 2020-05-13}
}

@online{RowFormats,
      title = {MySQL Documentation, InnoDB Row Formats},
      url = {https://dev.mysql.com/doc/refman/8.0/en/innodb-row-format.html#innodb-row-format-compact},
      note = {Accessed: 2020-05-14}
}

@online{OraclePartitioning,
      title = {Oracle Partitioning},
      url = {https://www.oracle.com/database/technologies/partitioning.html},
      note = {Accessed: 2020-05-14}
}

@online{PhysicalStructIndex,
      title = {MySQL Documentation, The Physical Structure of an InnoDB Index},
      url = {https://dev.mysql.com/doc/refman/8.0/en/innodb-physical-structure.html},
      note = {Accessed: 2020-05-15}
}


@online{ClusteredSecondaryIndexes,
      title = {MySQL Documentation, Clustered and Secondary Indexes},
      url = {https://dev.mysql.com/doc/refman/8.0/en/innodb-index-types.html},
      note = {Accessed: 2020-05-15}
}


@online{FullTextIndex,
      title = {MySQL Documentation, FullText Indexes},
      url = {https://dev.mysql.com/doc/refman/8.0/en/innodb-fulltext-index.html},
      note = {Accessed: 2020-05-15}
}


@online{SortedIndexBuilds,
      title = {MySQL Documentation, Sorted Index Builds},
      url = {https://dev.mysql.com/doc/refman/8.0/en/sorted-index-builds.html},
      note = {Accessed: 2020-05-15}
}


@online{UniqueIndexes,
      title = {MySQL Documentation, Unique Indexes},
      url = {https://dev.mysql.com/doc/refman/8.0/en/create-index.html#create-index-unique},
      note = {Accessed: 2020-05-15}
}


@online{MultiValuedIndexes,
      title = {MySQL Documentation, Multi-Valued Indexes},
      url = {https://dev.mysql.com/doc/refman/8.0/en/create-index.html#create-index-multi-valued},
      note = {Accessed: 2020-05-15}
}


@online{SpatialIndexes,
      title = {MySQL Documentation, Spatial Indexes},
      url = {https://dev.mysql.com/doc/refman/8.0/en/create-index.html#create-index-spatial},
      note = {Accessed: 2020-05-15}
}


@online{CreatingSpatialIndexes,
      title = {MySQL Documentation, Creating Spatial Indexes},
      url = {https://dev.mysql.com/doc/refman/8.0/en/creating-spatial-indexes.html},
      note = {Accessed: 2020-05-15}
}


@online{AdaptativeHashIndex,
      title = {MySQL Documentation, Adaptative Hash Index},
      url = {https://dev.mysql.com/doc/refman/8.0/en/innodb-adaptive-hash.html},
      note = {Accessed: 2020-05-15}
}

@online{InnoDBAutocommit,
      title = {MySQL Documentation, InnoDB Autocommit, Commit, and Rollback},
      url = {https://dev.mysql.com/doc/refman/8.0/en/innodb-autocommit-commit-rollback.html},
      note = {Accessed: 2020-05-15}
}


@online{ManagingIndexesOracle,
      title = {Oracle Database Administrator’s Guide, Managing Indexes},
      url = {https://docs.oracle.com/en/database/oracle/oracle-database/18/admin/managing-indexes.html},
      note = {Accessed: 2020-05-15}
}


@online{QueryOptimizationBook,
      title = {High Performance MySQL, 2nd Edition, Chapter 4. Query Performance Optimization},
      url = {https://www.oreilly.com/library/view/high-performance-mysql/9780596101718/ch04.html},
      note = {Accessed: 2020-05-15}
}


@online{DatabaseJournal,
      title = {Database Journal, Understanding Query Execution in Relational Database System Architecture},
      
      url = {https://www.databasejournal.com/features/mysql/understanding-query-execution-in-relational-database-system-architecture.html},
      note = {Accessed: 2020-05-16}
}

@online{OptimizingInnoDBQueries,
      title = {MySQL Documentation, Optimizing InnoDB Queries},
      url = {https://dev.mysql.com/doc/refman/8.0/en/optimizing-innodb-queries.html},
      note = {Accessed: 2020-05-16}
}

@online{WHEREClauseOptimization,
      title = {MySQL Documentation, WHERE Clause Optimization},
      url = {https://dev.mysql.com/doc/refman/8.0/en/where-optimization.html},
      note = {Accessed: 2020-05-16}
}


@online{ORDERBYClauseOptimization,
      title = {MySQL Documentation, ORDER BY Optimization},
      url = {https://dev.mysql.com/doc/refman/8.0/en/order-by-optimization.html},
      note = {Accessed: 2020-05-16}
}


@online{GROUPBYClauseOptimization,
      title = {MySQL Documentation, GROUP BY Optimization},
      url = {https://dev.mysql.com/doc/refman/8.0/en/group-by-optimization.html},
      note = {Accessed: 2020-05-16}
}


@online{Materialization,
      title = {MySQL Documentation, Optimizing Subqueries with Materialization},
      url = {https://dev.mysql.com/doc/refman/8.0/en/subquery-materialization.html},
      note = {Accessed: 2020-05-16}
}


@online{SwitchableOptimizations,
      title = {MySQL Documentation, Switchable Optimizations},
      url = {https://dev.mysql.com/doc/refman/8.0/en/switchable-optimizations.html},
      note = {Accessed: 2020-05-16}
}

@online{NestLoopJoinAlgorithms,
      title = {MySQL Documentation, Nested-Loop Join Algorithms},
      url = {https://dev.mysql.com/doc/refman/8.0/en/nested-loop-joins.html},
      note = {Accessed: 2020-05-16}
}

@online{HashJoinOptimization,
      title = {MySQL Documentation, Hash Join Optimization},
      url = {https://dev.mysql.com/doc/refman/8.0/en/hash-joins.html},
      note = {Accessed: 2020-05-16}
}

@online{OuterJoinOptimization,
      title = {MySQL Documentation, Outer Join Optimization},
      url = {https://dev.mysql.com/doc/refman/8.0/en/outer-join-optimization.html},
      note = {Accessed: 2020-05-16}
}

@online{OuterJoinSimplification,
      title = {MySQL Documentation, Outer Join Simplification},
      url = {https://dev.mysql.com/doc/refman/8.0/en/outer-join-simplification.html},
      note = {Accessed: 2020-05-16}
}

@online{NestedJoinOptimization,
      title = {MySQL Documentation, Nested Join Optimization},
      url = {https://dev.mysql.com/doc/refman/8.0/en/nested-join-optimization.html},
      note = {Accessed: 2020-05-16}
}

@online{OptimizerHints,
      title = {MySQL Documentation, Optimizer Hints},
      url = {https://dev.mysql.com/doc/refman/8.0/en/optimizer-hints.html},
      note = {Accessed: 2020-05-16}
}

@online{IndexHints,
      title = {MySQL Documentation, Index Hints},
      url = {https://dev.mysql.com/doc/refman/8.0/en/index-hints.html},
      note = {Accessed: 2020-05-16}
}

@online{ControllingQueryPlanEval,
      title = {MySQL Documentation, Controlling Query Plan Evaluation},
      url = {https://dev.mysql.com/doc/refman/8.0/en/controlling-query-plan-evaluation.html},
      note = {Accessed: 2020-05-16}
}


@online{ControllingOptimizer,
      title = {MySQL Documentation, Controlling the Query Optimizer},
      url = {https://dev.mysql.com/doc/refman/8.0/en/controlling-optimizer.html},
      note = {Accessed: 2020-05-16}
}

@online{EstimatingPerformance,
      title = {MySQL Documentation, Estimating Query Performance},
      url = {https://dev.mysql.com/doc/refman/8.0/en/estimating-performance.html},
      note = {Accessed: 2020-05-16}
}

@online{InnoDBStatisctsEstimation,
      title = {MySQL Documentation, Configuring Non-Persistent Optimizer Statistics Parameters},
      url = {https://dev.mysql.com/doc/refman/8.0/en/innodb-statistics-estimation.html},
      note = {Accessed: 2020-05-16}
}

@online{ExplainStatement,
      title = {MySQL Documentation, Optimizing Queries with EXPLAIN},
      url = {https://dev.mysql.com/doc/refman/8.0/en/using-explain.html},
      note = {Accessed: 2020-05-16}
}

@online{ExplainStatementOutput,
      title = {MySQL Documentation, EXPLAIN Output format},
      url = {https://dev.mysql.com/doc/refman/8.0/en/explain-output.html},
      note = {Accessed: 2020-05-16}
}

@online{OptimizerAccessPaths,
      title = {SQL Tuning Guide, Optimizer Access Paths},
      url = {https://docs.oracle.com/en/database/oracle/oracle-database/18/tgsql/optimizer-access-paths.html#GUID-00711237-35D3-4CFC-A234-59B3EC53DCD1},
      note = {Accessed: 2020-05-16}
}


@online{JoinMethods,
      title = {SQL Tuning Guide, Join Methods},
      url = {https://docs.oracle.com/en/database/oracle/oracle-database/18/tgsql/joins.html#GUID-54F957FB-3568-499A-BCD2-B242BFFF913D},
      note = {Accessed: 2020-05-16}
}


@online{AulaTransactions,
      title = {Alferes. J., Aula 9 - Chapter 17: Transactions. Lecture Slides. Database Systems, FCT-UNL. Lecture delivered on May 8th 2020},
      url = {https://drive.google.com/file/d/1Mzcrp1N8kUl6mZe8RevjUWbWoGhBYcu-/view},
      note = {Accessed: 2020-05-18}
}


@online{innodbACID,
      title = {MySQL Documentation, InnoDB and the ACID Model},
      url = {https://dev.mysql.com/doc/refman/8.0/en/mysql-acid.html},
      note = {Accessed: 2020-05-17}
}


@online{autocommitCommitRollback,
      title = {MySQL Documentation, Autocommit, Commit, and Rollback},
      url = {https://dev.mysql.com/doc/refman/8.0/en/innodb-autocommit-commit-rollback.html},
      note = {Accessed: 2020-05-17}
}


@online{transactionIsolationLevels,
      title = {MySQL Documentation, Transaction Isolation Levels},
      url = {https://dev.mysql.com/doc/refman/8.0/en/innodb-transaction-isolation-levels.html},
      note = {Accessed: 2020-05-17}
}


@online{implicitCommit,
      title = {MySQL Documentation, Statements That Cause an Implicit Commit},
      url = {https://dev.mysql.com/doc/refman/8.0/en/implicit-commit.html},
      note = {Accessed: 2020-05-17}
}


@online{nestedMySQL,
      title = {How can we use nested transactions in MySQL?},
      url = {https://www.tutorialspoint.com/how-can-we-use-nested-transactions-in-mysql},
      note = {Accessed: 2020-05-17}
}


@online{CommitMySQL,
      title = {MySQL Documentation, Start transaction, commit and rollback statements},
      url = {https://dev.mysql.com/doc/refman/8.0/en/commit.html},
      note = {Accessed: 2020-05-17}
}


@online{InformationSchemaTransactionLockingInfo,
      title = {MySQL Documentation, InnoDB INFORMATION\_SCHEMA Transaction and Locking Information},
      url = {https://dev.mysql.com/doc/refman/8.0/en/innodb-information-schema-transactions.html},
      note = {Accessed: 2020-05-17}
}


@online{innodbTransactionModel,
      title = {MySQL Documentation, InnoDB Transaction Model},
      url = {https://dev.mysql.com/doc/refman/8.0/en/innodb-transaction-model.html},
      note = {Accessed: 2020-05-17}
}


@online{MVCC,
      title = {MySQL Documentation, MVCC},
      url = {https://dev.mysql.com/doc/refman/8.0/en/glossary.html#glos_mvcc},
      note = {Accessed: 2020-05-17}
}

@online{doublewriteBufferGloss,
      title = {MySQL Documentation, Doublewrite Buffer from Glossary},
      url = {https://dev.mysql.com/doc/refman/8.0/en/glossary.html#glos_doublewrite_buffer},
      note = {Accessed: 2020-05-17}
}
@online{crashRecoveryGloss,
      title = {MySQL Documentation, Crash Recovery from Glossary},
      url = {https://dev.mysql.com/doc/refman/8.0/en/glossary.html#glos_crash_recovery},
      note = {Accessed: 2020-05-17}
}


@online{checkTable,
      title = {MySQL Documentation, CHECK TABLE Statement},
      url = {https://dev.mysql.com/doc/refman/8.0/en/check-table.html#check-table-data-consistency},
      note = {Accessed: 2020-05-17}
}


@online{setTransaction,
      title = {MySQL Documentation, SET TRANSACTION Statement},
      url = {https://dev.mysql.com/doc/refman/8.0/en/set-transaction.html#set-transaction-scope},
      note = {Accessed: 2020-05-17}
}


@online{savepoints,
      title = {MySQL Documentation, SAVEPOINT, ROLLBACK TO SAVEPOINT, and RELEASE SAVEPOINT Statements},
      url = {https://dev.mysql.com/doc/refman/8.0/en/savepoint.html},
      note = {Accessed: 2020-05-17}
}


@online{fkDeferConstraint,
      title = {MySQL Documentation, FOREIGN KEY Constraint Differences},
      url = {https://dev.mysql.com/doc/refman/8.0/en/ansi-diff-foreign-keys.html},
      note = {Accessed: 2020-05-17}
}

@online{innoDBLocking,
      title = {MySQL Documentation, InnoDB Locking},
      url = {https://dev.mysql.com/doc/refman/8.0/en/innodb-locking.html},
      note = {Accessed: 2020-05-17}
}


@online{deadlocksInInnoDB,
      title = {MySQL Documentation, Deadlocks in InnoDB},
      url = {https://dev.mysql.com/doc/refman/8.0/en/innodb-deadlocks.html},
      note = {Accessed: 2020-05-17}
}


@online{deadlockExample,
      title = {MySQL Documentation, Deadlocks in InnoDB},
      url = {https://dev.mysql.com/doc/refman/8.0/en/innodb-deadlock-example.html},
      note = {Accessed: 2020-05-17}
}

@online{deadlockdetectionAndRollback,
      title = {MySQL Documentation, Deadlock Detection and Rollback},
      url = {https://dev.mysql.com/doc/refman/8.0/en/innodb-deadlock-detection.html},
      note = {Accessed: 2020-05-17}
}


@online{OracleConstraintDefered,
      title = {Oracle Database Administrator’s Guide, Deferred Constraint Checking},
      url = {https://docs.oracle.com/en/database/oracle/oracle-database/18/admin/managing-schema-objects.html#GUID-FDF6445E-D1E0-4305-B1D4-C5D4310CA1FB},
      note = {Accessed: 2020-05-17}
}


@online{OracleLocksAndDead,
      title = {Oracle Database Concepts, Locks and Deadlocks},
      url = {https://docs.oracle.com/en/database/oracle/oracle-database/18/cncpt/data-concurrency-and-consistency.html#GUID-C1971E9B-849A-4634-9575-4F8FAD697750},
      note = {Accessed: 2020-05-17}
}


@online{storedRoutines,
      title = {MySQL Documentation, Using Stored Routines},
      url = {https://dev.mysql.com/doc/refman/8.0/en/stored-routines.html},
      note = {Accessed: 2020-05-17}
}


@online{createProcedure,
      title = {MySQL Documentation, CREATE PROCEDURE and CREATE FUNCTION Statements},
      url = {https://dev.mysql.com/doc/refman/8.0/en/create-procedure.html},
      note = {Accessed: 2020-05-17}
}


@online{alterProcedure,
      title = {MySQL Documentation, ALTER PROCEDURE Statement},
      url = {https://dev.mysql.com/doc/refman/8.0/en/alter-procedure.html},
      note = {Accessed: 2020-05-17}
}


@online{XMLFunctions,
      title = {MySQL Documentation, XML Functions},
      url = {https://dev.mysql.com/doc/refman/8.0/en/xml-functions.html},
      note = {Accessed: 2020-05-17}
}


@online{dropProcedure,
      title = {MySQL Documentation, DROP PROCEDURE and DROP FUNCTION Statements},
      url = {https://dev.mysql.com/doc/refman/8.0/en/drop-procedure.html},
      note = {Accessed: 2020-05-17}
}



@online{TriggerSyntax,
      title = {MySQL Documentation, Trigger syntax and examples},
      url = {https://dev.mysql.com/doc/refman/8.0/en/trigger-syntax.html},
      note = {Accessed: 2020-05-17}
}

@online{loadXMLStatement,
      title = {MySQL Documentation, LOAD XML Statement},
      url = {https://dev.mysql.com/doc/refman/8.0/en/load-xml.html},
      note = {Accessed: 2020-05-17}
}

@online{xmlmysqlOption,
      title = {MySQL Documentation, mysql Client Options},
      url = {https://dev.mysql.com/doc/refman/8.0/en/mysql-command-options.html#option_mysql_xml},
      note = {Accessed: 2020-05-17}
}

@online{xmlmysqldumpOption,
      title = {MySQL Documentation, mysqldump — A Database Backup Program},
      url = {https://dev.mysql.com/doc/refman/8.0/en/mysqldump.html#option_mysqldump_xml},
      note = {Accessed: 2020-05-17}
}

@online{TriggersDef,
      title = {MySQL Documentation, Using Triggers},
      url = {https://dev.mysql.com/doc/refman/8.0/en/triggers.html},
      note = {Accessed: 2020-05-17}
}


@online{JDBCConnector,
      title = {MySQL Documentation, Connecting to MySQL Using the JDBC DriverManager Interface},
      url = {https://dev.mysql.com/doc/connector-j/8.0/en/connector-j-usagenotes-connect-drivermanager.html},
      note = {Accessed: 2020-05-17}
}


@online{workbench,
      title = {MySQL Documentation, MySQL Workbench},
      url = {https://dev.mysql.com/doc/refman/8.0/en/workbench.html},
      note = {Accessed: 2020-05-17}
}


@online{visualSQLEditor,
      title = {MySQL Documentation, Visual SQL Editor},
      url = {https://dev.mysql.com/doc/workbench/en/wb-sql-editor.html},
      note = {Accessed: 2020-05-17}
}


@online{executeSQL,
      title = {MySQL Documentation, Using JDBC Statement Objects to Execute SQL},
      url = {https://dev.mysql.com/doc/connector-j/8.0/en/connector-j-usagenotes-statements.html},
      note = {Accessed: 2020-05-17}
}

@online{tablespaceImageLink,
      title = {Hackernoon, MySQL 8 vs PostgreSQL 10},
      url = {https://hackernoon.com/showdown-mysql-8-vs-postgresql-10-3fe23be5c19e},
      note = {Accessed: 2020-05-18}
}




